%%%%%%%%%%%%%%%%%%%%%%%%%%%%%%%%%%%%%%%%
% Egamma

@article{Aad:2011mk,
      title          = "{Electron performance measurements with the ATLAS
                        detector using the 2010 LHC proton-proton collision data}",
      collaboration  = "ATLAS Collaboration",
      journal        = "Eur.Phys.J.",
      volume         = "C72",
      pages          = "1909",
      doi            = "10.1140/epjc/s10052-012-1909-1",
      year           = "2012",
      eprint         = "1110.3174",
      archivePrefix  = "arXiv",
      primaryClass   = "hep-ex",
      reportNumber   = "CERN-PH-EP-2011-117",
      SLACcitation   = "%%CITATION = ARXIV:1110.3174;%%",
}

@techreport{ATL-PHYS-PUB-2011-006,
      title        = "Expected electron performance in the ATLAS experiment",
      institution  = "CERN",
      address      = "Geneva",
      number       = "ATL-PHYS-PUB-2011-006",
      month        = "Apr",
      year         = "2011",
}

@techreport{ATLAS-CONF-2012-047,
      title        = "Improved electron reconstruction in ATLAS using the
                      Gaussian Sum Filter-based model for bremsstrahlung",
      institution  = "CERN",
      address      = "Geneva",
      number       = "ATLAS-CONF-2012-047",
      month        = "May",
      year         = "2012",
}

@techreport{Lampl:1099735,
      author       = "Lampl, W and Laplace, S and Lelas, D and Loch, P and Ma, H
                      and Menke, S and Rajagopalan, S and Rousseau, D and Snyder,
                      S and Unal, G",
      title        = "Calorimeter Clustering Algorithms: Description and
                      Performance",
      institution  = "CERN",
      address      = "Geneva",
      number       = "ATL-LARG-PUB-2008-002. ATL-COM-LARG-2008-003",
      month        = "Apr",
      year         = "2008",
}


