
% Inclusive W/Z paper
@article{Aad:2011dm,
      author         = "ATLAS Collaboration",
      title          = "{Measurement of the inclusive $W^{\pm}$ and $Z/\gamma$ cross
                        sections in the electron and muon decay channels in pp
                        collisions at $\sqrt{s} = 7$ TeV with the ATLAS detector}",
      collaboration  = "ATLAS Collaboration",
      journal        = "Phys.Rev.",
      volume         = "D85",
      pages          = "072004",
      doi            = "10.1103/PhysRevD.85.072004",
      year           = "2012",
      eprint         = "1109.5141",
      archivePrefix  = "arXiv",
      primaryClass   = "hep-ex",
      reportNumber   = "CERN-PH-EP-2011-143",
      SLACcitation   = "%%CITATION = ARXIV:1109.5141;%%",
}

%s-quark density
@article{Aad:2012sb,
      author         = "ATLAS Collaboration",
      title          = "{Determination of the strange quark density of the proton
                        from ATLAS measurements of the $W \ra \ell \nu$ and $Z
                        \ra \ell\ell$ cross sections}",
      collaboration  = "ATLAS Collaboration",
      journal        = "Phys.Rev.Lett.",
      volume         = "109",
      pages          = "012001",
      year           = "2012",
      eprint         = "1203.4051",
      archivePrefix  = "arXiv",
      primaryClass   = "hep-ex",
      reportNumber   = "CERN-PH-EP-2012-030",
      SLACcitation   = "%%CITATION = ARXIV:1203.4051;%%",
}

% Tau polarisation
@article{Aad:2012cu,
      author         = "ATLAS Collaboration",
      title          = "{Measurement of $\tau$ polarization in $W \ra \tau \nu$
                        decays with the ATLAS detector in pp collisions at
                        $\sqrt{s}$ = 7 TeV}",
      collaboration  = "ATLAS Collaboration",
      journal        = "Eur.Phys.J.",
      volume         = "C72",
      pages          = "2062",
      doi            = "10.1140/epjc/s10052-012-2062-6",
      year           = "2012",
      eprint         = "1204.6720",
      archivePrefix  = "arXiv",
      primaryClass   = "hep-ex",
      reportNumber   = "CERN-PH-EP-2012-075",
      SLACcitation   = "%%CITATION = ARXIV:1204.6720;%%",
}

% Wg / Zg paper
@article{Aad:2012mr,
      author         = "ATLAS Collaboration",
      title          = "{Measurement of \Wg\ and \Zg\ production cross
                        sections in pp collisions at $\sqrt{s}$ = 7 TeV and limits on
                        anomalous triple gauge couplings with the ATLAS detector}",
      collaboration  = "ATLAS Collaboration",
      year           = "2012",
      eprint         = "1205.2531",
      archivePrefix  = "arXiv",
      primaryClass   = "hep-ex",
      reportNumber   = "CERN-PH-EP-2012-059",
      SLACcitation   = "%%CITATION = ARXIV:1205.2531;%%",
}

% WW 1fb-1 paper:W

@article{Aad:2012ks,
      author         = "Aad, Georges and others",
      title          = "{Measurement of the WW cross section in sqrt(s) = 7 TeV
                        pp collisions with the ATLAS detector and limits on
                        anomalous gauge couplings}",
      collaboration  = "ATLAS Collaboration",
      journal        = "Phys.Lett.",
      volume         = "B712",
      pages          = "289-308",
      doi            = "10.1016/j.physletb.2012.05.003",
      year           = "2012",
      eprint         = "1203.6232",
      archivePrefix  = "arXiv",
      primaryClass   = "hep-ex",
      reportNumber   = "CERN-PH-EP-2012-060",
      SLACcitation   = "%%CITATION = ARXIV:1203.6232;%%",
}

% WW 2011 4.7fb-1
@techreport{ATLAS-CONF-2012-025,
      title        = "Measurement of the W+W- Production Cross Section in
                      Proton-Proton Collisions at sqrt(s) = 7 TeV with the ATLAS
                      Detector",
      institution  = "CERN",
      address      = "Geneva",
      number       = "ATLAS-CONF-2012-025",
      month        = "Mar",
      year         = "2012",
}

% WZ 2011 1fb-1 paper
@article{Aad:2011cx,
      author         = "Aad, Georges and others",
      title          = "{Measurement of the WZ production cross section and
                        limits on anomalous triple gauge couplings in
                        proton-proton collisions at sqrt(s) = 7 TeV with the ATLAS
                        detector}",
      collaboration  = "ATLAS Collaboration",
      journal        = "Phys.Lett.",
      volume         = "B709",
      pages          = "341-357",
      doi            = "10.1016/j.physletb.2012.02.053",
      year           = "2012",
      eprint         = "1111.5570",
      archivePrefix  = "arXiv",
      primaryClass   = "hep-ex",
      reportNumber   = "CERN-PH-EP-2011-184",
      SLACcitation   = "%%CITATION = ARXIV:1111.5570;%%",
}

@article{ATLAS-CONF-2012-090,
      collaboration = "{ATLAS}",
      title        = "{Measurement of the total $ZZ$ production cross section in the
                      four-lepton channel using $5.8$ fb$^{-1}$ of ATLAS data at
                      $\sqrt{s} = 8$ TeV}",
      journal      = "ATLAS-CONF-2012-090",
      url          = "http://cdsweb.cern.ch/record/1460409",
}

@article{ATLAS:2012kg,
      collaboration  = "{ATLAS}",
      title          = "{Measurement of $ZZ$ production in $pp$ collisions at
                        $\sqrt{s}=7$ TeV and limits on anomalous $ZZZ$ and
                        $ZZ\gamma$ couplings with the ATLAS detector}",
      year           = "2012",
      eprint         = "1211.6096",
      archivePrefix  = "arXiv",
      primaryClass   = "hep-ex",
      reportNumber   = "CERN-PH-EP-2012-318",
      SLACcitation   = "%%CITATION = ARXIV:1211.6096;%%",
}

% ZZ llvv Moriond 2011 4.7fb-1
@techreport{ATLAS-CONF-2012-027,
      title        = "Measurement of the ZZ production cross section in the llvv
                      channel in proton-proton collisions at sqrt(s)=7 TeV with
                      the ATLAS detector",
      institution  = "CERN",
      address      = "Geneva",
      number       = "ATLAS-CONF-2012-027",
      month        = "Mar",
      year         = "2012",
}

% ZZ llll Moriond 2011 4.7fb-1
@techreport{ATLAS-CONF-2012-026,
      title        = "Measurement of the total ZZ production cross section in the
                      four-lepton channel with 4.7 \ifb\ of ATLAS data",
      institution  = "CERN",
      address      = "Geneva",
      number       = "ATLAS-CONF-2012-026",
      month        = "Mar",
      year         = "2012",
}


% ZZ llll 2011 paper 1fb-1
@article{Aad:2011xj,
      author         = "Aad, Georges and others",
      title          = "{Measurement of the ZZ production cross section and
                        limits on anomalous neutral triple gauge couplings in
                        proton-proton collisions at \sqrts7\ with the ATLAS
                        detector}",
      collaboration  = "ATLAS Collaboration",
      journal        = "Phys.Rev.Lett.",
      volume         = "108",
      pages          = "041804",
      doi            = "10.1103/PhysRevLett.108.041804",
      year           = "2012",
      eprint         = "1110.5016",
      archivePrefix  = "arXiv",
      primaryClass   = "hep-ex",
      reportNumber   = "CERN-PH-EP-2011-166",
      SLACcitation   = "%%CITATION = ARXIV:1110.5016;%%",
}

@Article{ATLAS_ZZ4l:1fb2011,
  collaboration = "{ATLAS}",
  title     = "{Measurement of the ZZ Production Cross Section and Limits 
    on Anomalous Neutral Triple Gauge Couplings in Proton-Proton 
    Collisions at $\sqrt{s}=7$ \TeV\ with the ATLAS Detector}",
  journal   = "Phys. Rev. Lett.",
  volume    = "108",
  year      = "2012",
  pages     = "041804",
  eprint    = "hep-ex/1110.5016",
  archivePrefix = "arXiv",
  doi       = "10.1103/PhysRevLett.108.041804",
  SLACcitation = "%%CITATION = HEP-EX/1110.5016;%%"

}\%

@Article{HZZ4l_5fb:CERN-PH-EP-2012-014,
  key            = "1088225",
  title          = "{Search for the Standard Model Higgs boson in the decay
    channel $H \rightarrow ZZ^{*} \rightarrow 4\ell$ with 4.8 fb$^{-1}$ of pp collisions
    at $\sqrt{s}$=7 \TeV\ with ATLAS}",
collaboration  = "ATLAS",
year           = "2012",
eprint         = "1202.1415",
archivePrefix  = "arXiv",
primaryClass   = "hep-ex",
reportNumber   = "CERN-PH-EP-2012-014",
SLACcitation   = "%%CITATION = ARXIV:1202.1415;%%",
}

@Article{ATLAS-COM-PHYS-2010-685,
  author    = "{The ATLAS Collaboration}",
  title     = "{$W\rightarrow \mu \nu$ and $Z\rightarrow \mu \mu$ cross-section measurements in proton-proton collisions at $\sqrt{s}=7$ \TeV\ with the ATLAS Detector}",
  journal   = "{}",
  number    = "ATLAS-CONF-2010-685",
  year      = "2010"
}

@Article{ATL-COM-PHYS-2009-324,
  author    = "{J. Nielsen on behalf of the ATLAS and CMS Collaborations}",
  title     = "{W/Z+Jet Cross Section Measurements at the Large Hadron Collider}",
  journal   = "{ATLAS proceedings}",
  volume    = "ATL-COM-PHYS-2009-324",
  year      = "2009"
}

@Article{ATL-COM-PHYS-2010-695,
  author    = "{J. Butterworth, E. Dobson, U. Klein, B. Mellado Garcia, T. Nunnemann, J. Qian, D. Rebuzzi, R. Tanaka}",
  title     = "{Single boson and diboson production cross sections in pp collisions at $\sqrt{s}=7$ \TeV}",
  journal   = "{ATLAS Internal Communication}",
  volume    = "ATL-COM-PHYS-2010-695",
  year      = "2010"
}

@Article{ATL-COM-PHYS-2011-052,
  author    = "{The ATLAS Collaboration}",
  title     = "{Search for Higgs Boson Production in pp Collisions at $\sqrt{s}=7$ \TeV\ using the H $\to WW \to l\nu \qqbar$ Decay Channel and the ATLAS Detector}",
  journal   = "{ATLAS Internal Communication}",
  volume    = "ATL-COM-PHYS-2010-695",
  year      = "2010"
}

@Article{Groll:2009,
  author    = "M. Groll",
  collaboration = "Atlas",
  title     = "{Associated production of weak bosons at the LHC with the ATLAS detector}",
  journal   = "J. Phys.Conf. Ser.",
  volume    = "171:012086",
  year      = "2009",
}

%%%%%%%%%%%%%%%%%%%%%%%%%%%%%%%%%%%%%%%%%%%%
% Higgs
@Article{ATLAS_Higgs:2012gk,
      author         = "{ATLAS collaboration}",
      title          = "{Observation of a new particle in the search for the
                        Standard Model Higgs boson with the ATLAS detector at the
                        LHC}",
      journal        = "Phys. Lett. B",
      volume         = "716",
      year           = "2012",
      pages          = "1",
      eprint         = "1207.7214",
      archivePrefix  = "arXiv",
      primaryClass   = "hep-ex",
}

%%%%%%%%%%%%%%%%%%%%%%%%%%%%%%%%%%%%%%%%%%%%%%
% Top
@Article{Aad:2010ey,
  collaboration = "Atlas",
  title     = "{Measurement of the top quark-pair production cross section
    with ATLAS in pp collisions at $\sqrt{s}$ = 7\TeV}",
journal   = "Eur. Phys. J.",
volume    = "C71",
year      = "2011",
pages     = "1577",
eprint    = "1012.1792",
archivePrefix = "arXiv",
primaryClass  =  "hep-ex",
doi       = "10.1140/epjc/s10052-011-1577-6",
SLACcitation  = "%%CITATION = 1012.1792;%%"
}


