
% CMS final 7 TeV result
@techreport{Chatrchyan:1495152,
      author       = "CMS collaboration",
      title        = "Measurement of the ZZ production cross section and search
                      for anomalous couplings in 2l2l' final states in pp
                      collisions at $\sqrt{s}$=7 TeV.",
      institution  = "CERN",
      address      = "Geneva",
      number       = "CMS-SMP-12-007",
      eprint = "1211.4890",
      archivePrefix  = "arXiv",
      primaryClass   = "hep-ex",
      month        = "Nov",
      year         = "2012",
      note         = "Submitted to the Journal of High Energy Physics",
}


@Article{CMS_Higgs:2012gu,
      author         = "{CMS collaboration}",
      title          = "{Observation of a new boson at a mass of 125 GeV with the
                        CMS experiment at the LHC}",
      journal        = "Phys. Lett. B",
      volume         = "716",
      year           = "2012",
      pages          = "30",
      eprint         = "1207.7235",
      archivePrefix  = "arXiv",
      primaryClass   = "hep-ex",
}

@techreport{CMS-PAS-EWK-11-010,
          title        = "Measurement of the WW, WZ and ZZ cross sections at CMS",
                year         = "2011",
                author = "{ The CMS Collaboration}",
  number       = "CMS-PAS-EWK-11-01",
  url = "https://cdsweb.cern.ch/record/1370067",
  month        = "July",
  institution = "CERN"
}
