
% MCFM
@Article{bib:mcfm,
     author    = "Campbell, J. and Ellis, K. and Williams, C.",
     title     = "{Vector Boson Pair Production at the LHC}",
     journal   = "FERMILAB-PUB-11-182-T",
     volume    = "000",
     year      = "2011",
     pages     = "035",
     eprint    = "1105.0020v1[hep-ph]",
     archivePrefix = "arXiv"
}

@article{bib:mcatnlo,
     author    = "{S. Frixione and B.R. Webber}",
     title     = "{Matching NLO QCD Computations and parton shower simulations}",
     journal   = "J. High Energy Phys.",
     volume    = "0206",
     year      = "2002",
     pages     = "029",
     doi       = "",
     SLACcitation  = ""
}


@article{bib:sherpa,
      author         = "{T.~Gleisberg, S.~.Hoeche, F.~Krauss, M.~Schonherr, S.~Schumann, F.~Siegert and J.~Winter}",
      title          = "{Event generation with SHERPA 1.1}",
      journal        =  "JHEP",
      volume          =  "0902",
      pages         =  "007",
      year           =  "2009",
      eprint         =  "hep-ph/0811.4622",
      archivePrefix  =  "arXiv"
}

@article{bib:ct10,
      author         = "{H.~-L.~Lai, M.~Guzzi, J.~Huston, Z.~Li, P.~M.~Nadolsky, J.~Pumplin and C.~-P.~Yuan}",
      title          = "{New parton distributions for collider physics}",
      journal        = "{Phys.\ Rev.\ D}",
      volume         = "82",
      year           = "2010",
      pages          = "074024",
      eprint         = "hep-ph/1007:2241",
      archivePrefix  = "arXiv"
}

@article{bib:mrst,
      author         = "{A.~D.~Martin, W.~J.~Stirling, R.~S.~Thorne and G.~Watt}",
      title          = "{Parton distributions for the LHC}",
      journal        = "{Eur.\ Phys.\ J.\ C}",
      volume         = "63",
      pages          = "189",
      year           = "2009",
      eprint         = "hep-ph/0901.0002",
      archivePrefix  = "arXiv"
}

@article{bib:cteq6li,
      author         = "{J.~Pumplin, D.~R.~Stump, J.~Huston, H.~L.~Lai, P.~M.~Nadolsky and W.~K.~Tung}",
      title          = "{New generation of parton distributions with uncertainties from global QCD analysis}",
      journal        = "JHEP",
      volume         = "0207",
      year           = "2002",
      pages          = "012",
      eprint         = "hep-ph/0201195",
      archivePrefix  = "arXiv"
} 


@article{bib:powhegbox,
      author         = "{S. Alioli, P. Nason, C. Oleari and E. Re}",

      journal        = "JHEP", 
      title = "A general framework for implementing NLO calculations in shower Monte Carlo programs: the POWHEG BOX",
      volume         = "1006",
      year           = "2010",
      pages          = "043",
      eprint         = "1002.2581",
      archivePrefix  = "arXiv"
}

@Article{bib:powhegboxzz,
     author    = "Melia, Tom and Nason, Paolo and Rontsch, Raoul and
                  Zanderighi, Giulia",
     title     = "{$W^{+}W^{-}$, $WZ$ and $ZZ$ production in the POWHEG BOX}",
     year      = "2011",
     eprint    = "1107.5051",
     archivePrefix = "arXiv",
     primaryClass  =  "hep-ph",
     SLACcitation  = "%%CITATION = 1107.5051;%%"
}


@Article{bib:jimmy,
  author       = "J.~M.~Butterworth, J.~R.~Forshaw and M.~H.~Seymour",
  title        = "{Multiparton interactions in photoproduction at HERA}",
  journal      = "Z.\ Phys.\ C",
  journal      = "72",
  year         = "1996",
  pages        = "637",
  eprint    = "9601371",
  archivePrefix = "arXiv",
  primaryClass  =  "hep-ph"
}

