
@Article{bib:LEPEW2006,
  author    = "{The LEP Collaborations ALEPH, DELPHI, L3, OPAL, and the LEP Electroweak Working Group}",
  title     = "{A Combination of preliminary electroweak measurements and
    constraints on the Standard Model}",
year      = "2006",
eprint    = "hep-ex/0612034",
archivePrefix = "arXiv",
SLACcitation  = "%%CITATION = HEP-EX/0612034;%%"
}

@Article{Acciarri:1999ug,
  author    = "Acciarri, M. and others",
  collaboration = "L3",
  title     = "{Study of $Z$ Boson Pair Production in $e^{+} e^{-}$
    collisions at LEP at $\sqrt{s}$ = 189 \GeV}",
journal   = "Phys. Lett.",
volume    = "B465",
year      = "1999",
pages     = "363",
eprint    = "hep-ex/9909043",
archivePrefix = "arXiv",
doi       = "10.1016/S0370-2693(99)01065-5",
SLACcitation  = "%%CITATION = HEP-EX/9909043;%%"
}

@Article{Abbiendi:2003va,
  author    = "Abbiendi, G. and others",
  collaboration = "OPAL",
  title     = "{Study of Z pair production and anomalous couplings in \ee\
               collisions  at $\sqrt{s}$ between 190 \GeV\ and 209 \GeV}",
journal   = "Eur. Phys. J.",
volume    = "C32",
year      = "2003",
pages     = "303",
eprint    = "hep-ex/0310013",
archivePrefix = "arXiv",
doi       = "10.1140/epjc/s2003-01467-x",
SLACcitation  = "%%CITATION = HEP-EX/0310013;%%"
}

@Article{Barate:1999jj,
  author    = "Barate, R. and others",
  collaboration = "ALEPH",
  title     = "{Measurement of the $\ee \to$ Z Z production cross section
    at  centre-of-mass energies of 183 \GeV\ and 189 \GeV}",
journal   = "Phys. Lett.",
volume    = "B469",
year      = "1999",
pages     = "287",
eprint    = "hep-ex/9911003",
archivePrefix = "arXiv",
doi       = "10.1016/S0370-2693(99)01288-5",
SLACcitation  = "%%CITATION = HEP-EX/9911003;%%"
}

@Article{Abdallah:2003dv,
  author    = "Abdallah, J. and others",
  collaboration = "DELPHI",
  title     = "{\ZZ production in \epem interactions at $\sqrt{s}$ = 183 \GeV\
               to 209 \GeV}",
journal   = "Eur. Phys. J.",
volume    = "C30",
year      = "2003",
pages     = "447",
eprint    = "hep-ex/0307050",
archivePrefix = "arXiv",
doi       = "10.1140/epjc/s2003-01287-0",
SLACcitation  = "%%CITATION = HEP-EX/0307050;%%"
}

