% LHC Design report
@book{Brüning:782076,
      author       = "Brüning, Oliver Sim and Collier, Paul and Lebrun, P and
                      Myers, Stephen and Ostojic, Ranko and Poole, John and
                      Proudlock, Paul",
      title        = "LHC Design Report",
      publisher    = "CERN",
      address      = "Geneva",
      year         = "2004",
}
 	
% LHC Stats website
%Author = {Jean Schneider},
@misc{lhcstats,
    title = {LHC Performance and Statistics},
    howpublished = {\url{https://lhc-statistics.web.cern.ch/LHC-Statistics/}} 
}

%PErformance of LHC, ATLAS, CMS in 2011
@article{Fournier:2012np,
      author         = "Fournier, Daniel",
      title          = "{Performance of the LHC, ATLAS and CMS in 2011}",
      journal        = "EPJ Web Conf.",
      volume         = "28",
      pages          = "01003",
      doi            = "10.1051/epjconf/20122801003",
      year           = "2012",
      eprint         = "1201.4681",
      archivePrefix  = "arXiv",
      primaryClass   = "hep-ex",
      SLACcitation   = "%%CITATION = ARXIV:1201.4681;%%",
}

% LHC Machine paper
  	
@article{1748-0221-3-08-S08001,
  author={Lyndon Evans and Philip Bryant},
  title={LHC Machine},
  journal={Journal of Instrumentation},
  volume={3},
  number={08},
  pages={S08001},
  url={http://stacks.iop.org/1748-0221/3/i=08/a=S08001},
  year={2008},
  abstract={The Large Hadron Collider (LHC) at CERN near Geneva is the world's newest and most powerful tool for Particle Physics research. It is designed to collide proton beams with a centre-of-mass energy of 14 TeV and an unprecedented luminosity of 10 34 cm −2 s −1 . It can also collide heavy (Pb) ions with an energy of 2.8 TeV per nucleon and a peak luminosity of 10 27 cm −2 s −1 . In this paper, the machine design is described.}
}

% TOTEM cx measurement
  	
@article{0295-5075-96-2-21002,
  author={The TOTEM Collaboration and G. Antchev  and P. Aspell and I. Atanassov  and V. Avati and J. Baechler and V. Berardi and M.
Berretti and E. Bossini and M. Bozzo and P. Brogi and E. Brücken and A. Buzzo and F. S. Cafagna and M. Calicchio and M. G.
Catanesi and C. Covault and T. Csörgő and M. Deile and K. Eggert and V. Eremin  and R. Ferretti and F. Ferro and A. Fiergolski  and F.
Garcia and S. Giani and V. Greco and L. Grzanka  and J. Heino and T. Hilden and M. R. Intonti and J. Kašpar and J. Kopal and V.
Kundrát and K. Kurvinen and S. Lami and G. Latino and R. Lauhakangas and T. Leszko  and E. Lippmaa and M. Lokajíček and M. Lo
Vetere and F. Lucas Rodríguez and M. Macrí and L. Magaletti and A. Mercadante and S. Minutoli and F. Nemes  and H.
Niewiadomski and E. Oliveri and F. Oljemark and R. Orava and M. Oriunno  and K. Österberg and P. Palazzi and J. Procházka and M.
Quinto and E. Radermacher and E. Radicioni and F. Ravotti and E. Robutti and L. Ropelewski and G. Ruggiero and H. Saarikko and G.
Sanguinetti and A. Santroni and A. Scribano and W. Snoeys and J. Sziklai and C. Taylor and N. Turini and V. Vacek and M. Vitek and J.
Welti and J. Whitmore},
  title={First measurement of the total proton-proton cross-section at the LHC
      energy of 7 TeV},
  journal={EPL (Europhysics Letters)},
  volume={96},
  number={2},
  pages={21002},
  url={http://stacks.iop.org/0295-5075/96/i=2/a=21002},
  year={2011},
}

