@Unpublished{Siegert,
  author =       "Frank Siegert",
  note =         "Private communication",
}

