
@Article{Ellison:1998,
  author    = "Ellison, J. and Wudka, J.",
  title     = "{Study of Trilinear Gauge Boson Couplings at the Tevatron Collider}",
  journal   = "Annu. Rev. Nucl. Part. Sci.",
  volume    = "48",
  year      = "1998",
  pages     = "33",
  eprint    = "hep-ph/9804322",
  archivePrefix = "arXiv",
  doi       = "10.1146/annurev.nucl.48.1.33",
  SLACcitation  = ""
}

@Article{Abazov:2004au,
  author    = "Abazov, V. M. and others",
  collaboration = "D0",
  title     = "{Search for doubly-charged Higgs boson pair production in
    the decay to $\mu^+ \mu^+ \mu^- \mu^-$ in $p\bar{p}$
    collisions at $\sqrt{s}$ = 1.96 \TeV}",
journal   = "Phys. Rev. Lett.",
volume    = "93",
year      = "2004",
pages     = "141801",
eprint    = "hep-ex/0404015",
archivePrefix = "arXiv",
doi       = "10.1103/PhysRevLett.93.011801",
SLACcitation  = "%%CITATION = HEP-EX/0404015;%%"
}

@article{Abazov:2008gya,
  author         = "Abazov, V.M. and others",
  title          = "{Observation of ZZ production in $p\overline{p}$ collisions at
    $\sqrt{s}$ = 1.96 \TeV}",
collaboration  = "D0 Collaboration",
journal        = "Phys.Rev.Lett.",
volume         = "101",
pages          = "171803",
doi            = "10.1103/PhysRevLett.101.171803",
year           = "2008",
eprint         = "arXiv:0808.0703",
archivePrefix  = "arXiv",
primaryClass   = "hep-ex",
}

@Article{bib:D0_ZZ1,
  author    = "Abazov, V. M. and others",
  collaboration = "D0",
  title     = "{Search for $ZZ$ and $Z\gamma^*$ production in $p \bar p$
    collisions at $\sqrt{s}$ = 1.96 \TeV\ and limits on anomalous
    $ZZZ$ and $ZZ\gamma^*$ couplings}",
journal   = "Phys. Rev. Lett.",
volume    = "100",
year      = "2008",
pages     = "131801",
eprint    = "hep-ex/0712.0599",
archivePrefix = "arXiv",
doi       = "10.1103/PhysRevLett.100.131801",
SLACcitation  = "%%CITATION = 0712.0599;%%"
}
%primaryClass  =  "hep-ex",

  @Article{bib:D0_ZZ2,
    author    = "Abazov, V. M. and others",
    collaboration = "D0",
    title     = "{Observation of ZZ production in $p\overline{p}$ collisions at
      $\sqrt{s}$ = 1.96 \TeV}",
  journal   = "Phys. Rev. Lett.",
  volume    = "101",
  year      = "2008",
  pages     = "171803",
  eprint    = "hep-x/0808.0703",
  archivePrefix = "arXiv",
  doi       = "10.1103/PhysRevLett.101.171803",
  SLACcitation  = "%%CITATION = 0808.0703;%%"
  }

  @Article{bib:CDF_ZZ,
    author    = "Aaltonen, T. and others",
    collaboration = "CDF",
    title     = "{Strong Evidence for \ZZ Production in $p\overline{p}$ Collisions 
      at $\sqrt{s}$ = 1.96 \TeV}",
  journal   = "\PRL",
  volume    = "100",
  year      = "2008",
  pages     = "201801",
  eprint    = "hep-ex/0801.4806",
  archivePrefix = "arXiv",
  doi       = "10.1103/PhysRevLett.100.201801",
  }
