
%%%%%%%%%%%%%%%%%%%%%%%%%%%%%%%%%%%%%%%%%%%%%%%%
% TGC Stuff

% LEP limit for WW
@article{Hagiwara:1993ck,
      author         = "Hagiwara, Kaoru and Ishihara, S. and Szalapski, R. and
                        Zeppenfeld, D.",
      title          = "{Low-energy effects of new interactions in the
                        electroweak boson sector}",
      journal        = "Phys.Rev.",
      volume         = "D48",
      pages          = "2182-2203",
      doi            = "10.1103/PhysRevD.48.2182",
      year           = "1993",
      reportNumber   = "MAD-PH-737, UT-635, KEK-TH-356, KEK-PREPRINT-92-214",
      SLACcitation   = "%%CITATION = PHRVA,D48,2182;%%",
}

